<record><leader>00000cas a2200000 a 4500</leader><controlfield tag="001">20780600</controlfield><controlfield tag="007">hd afa015baca</controlfield><controlfield tag="007">hd bfa015baba</controlfield><controlfield tag="008">891213c18709999iludr nea     0    0spa c</controlfield><datafield ind1=" " ind2=" " tag="010"><subfield code="a">sn 89028240 </subfield></datafield><datafield ind1=" " ind2=" " tag="040"><subfield code="a">HLS</subfield><subfield code="b">eng</subfield><subfield code="c">HLS</subfield><subfield code="d">HUL</subfield><subfield code="d">CRL</subfield><subfield code="d">OCLCQ</subfield><subfield code="d">DLC</subfield><subfield code="d">CRL</subfield><subfield code="d">OCLCQ</subfield><subfield code="d">OCLCF</subfield><subfield code="d">OCLCQ</subfield><subfield code="d">CRL</subfield></datafield><datafield ind1=" " ind2=" " tag="012"><subfield code="i">8912</subfield></datafield><datafield ind1=" " ind2=" " tag="019"><subfield code="a">4650491</subfield><subfield code="a">9616018</subfield><subfield code="a">29686437</subfield></datafield><datafield ind1=" " ind2=" " tag="042"><subfield code="a">pcc</subfield></datafield><datafield ind1=" " ind2=" " tag="043"><subfield code="a">s-ag---</subfield></datafield><datafield ind1="0" ind2="0" tag="050"><subfield code="a">Newspaper</subfield></datafield><datafield ind1="0" ind2=" " tag="130"><subfield code="a">Nacio&#769;n (Buenos Aires, Argentina)</subfield></datafield><datafield ind1="1" ind2="3" tag="245"><subfield code="a">La nacio&#769;n.</subfield></datafield><datafield ind1=" " ind2=" " tag="260"><subfield code="a">Buenos Aires :</subfield><subfield code="b">[publisher not identified],</subfield><subfield code="c">1870-</subfield></datafield><datafield ind1=" " ind2=" " tag="300"><subfield code="a">volumes :</subfield><subfield code="b">illustrations</subfield></datafield><datafield ind1=" " ind2=" " tag="310"><subfield code="a">Daily</subfield></datafield><datafield ind1=" " ind2=" " tag="336"><subfield code="a">text</subfield><subfield code="b">txt</subfield><subfield code="2">rdacontent</subfield></datafield><datafield ind1=" " ind2=" " tag="337"><subfield code="a">microform</subfield><subfield code="b">h</subfield><subfield code="2">rdamedia</subfield></datafield><datafield ind1=" " ind2=" " tag="338"><subfield code="a">microfilm reel</subfield><subfield code="b">hd</subfield><subfield code="2">rdacarrier</subfield></datafield><datafield ind1="1" ind2=" " tag="362"><subfield code="a">Began with Jan. 4, 1870 issue.</subfield></datafield><datafield ind1=" " ind2=" " tag="515"><subfield code="a">Suspended Feb. 8-Mar. 3, 1949.</subfield></datafield><datafield ind1=" " ind2=" " tag="588"><subfield code="a">Description based on: An&#771;o 58, nu&#769;m. 20.231 (1. de enero de 1928).</subfield></datafield><datafield ind1=" " ind2=" " tag="588"><subfield code="a">Latest issue consulted: An&#771;o 122, nu&#769;m. 43.151 (21 de dic. de 1991).</subfield></datafield><datafield ind1=" " ind2=" " tag="533"><subfield code="a">Microfilm.</subfield><subfield code="m">Sept. 1923-Mar. 1924;May 1924-June 1939;1951-</subfield><subfield code="b">Chicago, Ill. :</subfield><subfield code="c">University of Chicago, Joseph Regenstein Library, Dept. of Photoduplication [for] Foreign Newspaper Microfilm Project :</subfield><subfield code="c">[distributed by The Center for Research Libraries].</subfield><subfield code="e">microfilm reels ; 35 mm.</subfield><subfield code="n">Microproducer varies: issues for 1951-Nov. 1963 filmed by Harvard College Library; since 1995 filmed by Preservation Resources.</subfield></datafield><datafield ind1=" " ind2="0" tag="651"><subfield code="a">Buenos Aires (Argentina)</subfield><subfield code="v">Newspapers.</subfield></datafield><datafield ind1=" " ind2="7" tag="651"><subfield code="a">Argentina</subfield><subfield code="z">Buenos Aires.</subfield><subfield code="2">fast</subfield><subfield code="0">(OCoLC)fst01205786</subfield></datafield><datafield ind1=" " ind2="7" tag="655"><subfield code="a">Newspapers.</subfield><subfield code="2">fast</subfield><subfield code="0">(OCoLC)fst01423814</subfield></datafield><datafield ind1=" " ind2=" " tag="752"><subfield code="a">Argentina</subfield><subfield code="d">Buenos Aires.</subfield></datafield><datafield ind1="0" ind2="8" tag="776"><subfield code="i">Print version:</subfield><subfield code="t">Nacio&#769;n (Buenos Aires, Argentina)</subfield><subfield code="w">(DLC)sn 89049558</subfield><subfield code="w">(OCoLC)13174708</subfield></datafield><datafield ind1="0" ind2="8" tag="776"><subfield code="i">Online version:</subfield><subfield code="t">Nacio&#769;n (Buenos Aires, Argentina)</subfield><subfield code="w">(DLC)  2009225524</subfield><subfield code="w">(OCoLC)49201825</subfield></datafield><datafield ind1="0" ind2="0" tag="780"><subfield code="t">Nacio&#769;n Argentina</subfield></datafield><datafield ind1=" " ind2=" " tag="850"><subfield code="a">DLC</subfield><subfield code="a">ICRL</subfield><subfield code="a">MH</subfield></datafield><datafield ind1="1" ind2=" " tag="029"><subfield code="a">AU@</subfield><subfield code="b">000006718686</subfield></datafield></record>